@online{tensorflow,
	Title = {Tensorflow},
	Url = {https://github.com/tensorflow/tensorflow},
	Urldate = {2022-09-19},
	Year = {2015}}

@online{pytorch,
    Author = {The Linux Foundation},
	Title = {PyTorch},
	Url = {https://github.com/pytorch/pytorch},
	Urldate = {2022-09-19},
	Year = {2016}}