
\begin{thebibliography}{10}

\bibitem{Bonan2008}
Gordon~B. Bonan.
\newblock {Forests and climate change: forcings, feedbacks, and the climate
  benefits of forests}.
\newblock {\em Science}, 320(5882):1444--1449, jun 2008.

\bibitem{Kremen2005}
Claire Kremen.
\newblock {Managing ecosystem services: what do we need to know about their
  ecology?}
\newblock {\em Ecology Letters}, 8(5):468--479, may 2005.

\bibitem{Doney2010}
Scott~C. Doney.
\newblock {The growing human footprint on coastal and open-ocean
  biogeochemistry}.
\newblock {\em Science}, 328(5985):1512--1516, jun 2010.

\bibitem{Ellis2011}
Erle~C. Ellis.
\newblock {Anthropogenic transformation of the terrestrial biosphere}.
\newblock {\em Philosophical Transactions of the Royal Society A: Mathematical,
  Physical and Engineering Sciences}, 369(1938):1010--1035, mar 2011.

\bibitem{Midgley2019}
Guy Midgley and Lee Hannah.
\newblock {Extinction Risk from Climate Change}.
\newblock In {\em Biodiversity and Climate Change}, pages 294--296. Yale
  University Press, 2019.

\bibitem{Boyd2012}
Ian~L. Boyd.
\newblock {The art of ecological modeling}.
\newblock {\em Science}, 337(6092):306--307, jul 2012.

\bibitem{Scheffer2001}
Marten Scheffer, Steve Carpenter, Jonathan~A Foley, Carl Folke, and Brian
  Walker.
\newblock {Catastrophic shifts in ecosystems}.
\newblock {\em Nature}, 413(6856):591--596, oct 2001.

\bibitem{Barnosky2012}
Anthony~D. Barnosky, Elizabeth~A. Hadly, Jordi Bascompte, Eric~L. Berlow,
  James~H. Brown, Mikael Fortelius, Wayne~M. Getz, John Harte, Alan Hastings,
  Pablo~A. Marquet, Neo~D. Martinez, Arne Mooers, Peter Roopnarine, Geerat
  Vermeij, John~W. Williams, Rosemary Gillespie, Justin Kitzes, Charles
  Marshall, Nicholas Matzke, David~P. Mindell, Eloy Revilla, and Adam~B. Smith.
\newblock {Approaching a state shift in Earth's biosphere}.
\newblock {\em Nature}, 486(7401):52--58, 2012.

\bibitem{Deneu2021}
Benjamin Deneu, Maximilien Servajean, Pierre Bonnet, Christophe Botella,
  Fran{\c{c}}ois Munoz, and Alexis Joly.
\newblock {Convolutional neural networks improve species distribution modelling
  by capturing the spatial structure of the environment}.
\newblock {\em PLOS Computational Biology}, 17(4):e1008856, apr 2021.

\bibitem{Ye2015}
Hao Ye, Richard~J. Beamish, Sarah~M. Glaser, Sue C.~H. Grant, Chih-hao Hsieh,
  Laura~J. Richards, Jon~T. Schnute, and George Sugihara.
\newblock {Equation-free mechanistic ecosystem forecasting using empirical
  dynamic modeling}.
\newblock {\em Proceedings of the National Academy of Sciences of the United
  States of America}, 112(13):E1569--E1576, mar 2015.

\bibitem{Ye2016}
Hao Ye and George Sugihara.
\newblock {Information leverage in interconnected ecosystems: Overcoming the
  curse of dimensionality}.
\newblock {\em Science}, 353(6302):922--925, aug 2016.

\bibitem{Deyle2016}
Ethan~R. Deyle, Robert~M. May, Stephan~B. Munch, and George Sugihara.
\newblock {Tracking and forecasting ecosystem interactions in real time}.
\newblock {\em Proceedings of the Royal Society B: Biological Sciences},
  283(1822):20152258, jan 2016.

\bibitem{Urban2016}
M.~C. Urban, G.~Bocedi, A.~P. Hendry, J.-B. Mihoub, G.~Pe'er, A.~Singer, J.~R.
  Bridle, L.~G. Crozier, L.~{De Meester}, W.~Godsoe, A.~Gonzalez, J.~J.
  Hellmann, R.~D. Holt, A.~Huth, K.~Johst, C.~B. Krug, P.~W. Leadley, S.~C.~F.
  Palmer, J.~H. Pantel, A.~Schmitz, P.~A. Zollner, and J.~M.~J. Travis.
\newblock {Improving the forecast for biodiversity under climate change}.
\newblock {\em Science}, 353(6304), sep 2016.

\bibitem{Geary2020}
William~L. Geary, Michael Bode, Tim~S. Doherty, Elizabeth~A. Fulton, Dale~G.
  Nimmo, Ayesha I.~T. Tulloch, Vivitskaia J.~D. Tulloch, and Euan~G. Ritchie.
\newblock {A guide to ecosystem models and their environmental applications}.
\newblock {\em Nature Ecology \& Evolution}, 4(11):1459--1471, nov 2020.

\bibitem{Norberg2012}
Jon Norberg, Mark~C. Urban, Mark Vellend, Christopher~A. Klausmeier, and
  Nicolas Loeuille.
\newblock {Eco-evolutionary responses of biodiversity to climate change}.
\newblock {\em Nature Climate Change}, 2(10):747--751, oct 2012.

\bibitem{DeAngelis2015}
Donald~L. DeAngelis and Simeon Yurek.
\newblock {Equation-free modeling unravels the behavior of complex ecological
  systems}.
\newblock {\em Proceedings of the National Academy of Sciences},
  112(13):3856--3857, mar 2015.

\bibitem{Fisher2018}
Rosie~A. Fisher, Charles~D. Koven, William~R.L. Anderegg, Bradley~O.
  Christoffersen, Michael~C. Dietze, Caroline~E. Farrior, Jennifer~A. Holm,
  George~C. Hurtt, Ryan~G. Knox, Peter~J. Lawrence, Jeremy~W. Lichstein, Marcos
  Longo, Ashley~M. Matheny, David Medvigy, Helene~C. Muller-Landau, Thomas~L.
  Powell, Shawn~P. Serbin, Hisashi Sato, Jacquelyn~K. Shuman, Benjamin Smith,
  Anna~T. Trugman, Toni Viskari, Hans Verbeeck, Ensheng Weng, Chonggang Xu,
  Xiangtao Xu, Tao Zhang, and Paul~R. Moorcroft.
\newblock {Vegetation demographics in Earth System Models: A review of progress
  and priorities}.
\newblock {\em Global Change Biology}, 24(1):35--54, 2018.

\bibitem{Gutenkunst2007}
Ryan~N. Gutenkunst, Joshua~J. Waterfall, Fergal~P. Casey, Kevin~S. Brown,
  Christopher~R. Myers, and James~P. Sethna.
\newblock {Universally sloppy parameter sensitivities in systems biology
  models}.
\newblock {\em PLOS Computational Biology}, 3(10):e189, oct 2007.

\bibitem{Scheiter2013}
Simon Scheiter, Liam Langan, and Steven~I. Higgins.
\newblock {Next‐generation dynamic global vegetation models: learning from
  community ecology}.
\newblock {\em New Phytologist}, 198(3):957--969, may 2013.

\bibitem{Schartau2017}
Markus Schartau, Philip Wallhead, John Hemmings, Ulrike L{\"{o}}ptien, Iris
  Kriest, Shubham Krishna, Ben~A. Ward, Thomas Slawig, and Andreas Oschlies.
\newblock {Reviews and syntheses: parameter identification in marine planktonic
  ecosystem modelling}.
\newblock {\em Biogeosciences}, 14(6):1647--1701, mar 2017.

\bibitem{Hastings1993}
Alan Hastings, Carole~L. Hom, Stephen Ellner, Peter Turchin, and H.~Charles~J.
  Godfray.
\newblock {Chaos in Ecology: Is mother nature a strange attractor?}
\newblock {\em Annual Review of Ecology and Systematics}, 24(1):1--33, nov
  1993.

\bibitem{Huisman1999}
Jef Huisman and Franz~J. Weissing.
\newblock {Biodiversity of plankton by species oscillations and chaos}.
\newblock {\em Nature}, 402(6760):407--410, nov 1999.

\bibitem{Beninca2008}
Elisa Beninc{\`{a}}, Jef Huisman, Reinhard Heerkloss, Klaus~D. J{\"{o}}hnk,
  Pedro Branco, Egbert~H. {Van Nes}, Marten Scheffer, and Stephen~P. Ellner.
\newblock {Chaos in a long-term experiment with a plankton community}.
\newblock {\em Nature}, 451(7180):822--825, feb 2008.

\bibitem{Gehlen2015}
M.~Gehlen, R.~Barciela, L.~Bertino, P.~Brasseur, M.~Butensch{\"{o}}n, F.~Chai,
  A.~Crise, Y.~Drillet, D.~Ford, D.~Lavoie, P.~Lehodey, C.~Perruche,
  A.~Samuelsen, and E.~Simon.
\newblock {Building the capacity for forecasting marine biogeochemistry and
  ecosystems: recent advances and future developments}.
\newblock {\em Journal of Operational Oceanography}, 8(sup1):s168--s187, apr
  2015.

\bibitem{Purves2013}
Drew Purves, J{\"{o}}rn P.~W. Scharlemann, Mike Harfoot, Tim Newbold, Derek~P.
  Tittensor, Jon Hutton, and Stephen Emmott.
\newblock {Time to model all life on Earth}.
\newblock {\em Nature}, 493(7432):295--297, jan 2013.

\bibitem{Gentleman2003}
Wendy Gentleman, Andrew Leising, Bruce Frost, Suzanne Strom, and James Murray.
\newblock {Functional responses for zooplankton feeding on multiple resources:
  a review of assumptions and biological dynamics}.
\newblock {\em Deep Sea Research Part II: Topical Studies in Oceanography},
  50(22-26):2847--2875, nov 2003.

\bibitem{Lignell2013}
Risto Lignell, Heikki Haario, Marko Laine, and T.~Frede Thingstad.
\newblock {Getting the “right” parameter values for models of the pelagic
  microbial food web}.
\newblock {\em Limnology and Oceanography}, 58(1):301--313, jan 2013.

\bibitem{Higgins2010}
Steven~I. Higgins, Simon Scheiter, and Mahesh Sankaran.
\newblock {The stability of African savannas: insights from the indirect
  estimation of the parameters of a dynamic model}.
\newblock {\em Ecology}, 91(6):1682--1692, jun 2010.

\bibitem{Xu2006}
Tao Xu, Luther White, Dafeng Hui, and Yiqi Luo.
\newblock {Probabilistic inversion of a terrestrial ecosystem model: Analysis
  of uncertainty in parameter estimation and model prediction}.
\newblock {\em Global Biogeochemical Cycles}, 20(2):n/a--n/a, jun 2006.

\bibitem{Fiechter2013}
J.~Fiechter, R.~Herbei, W.~Leeds, J.~Brown, R.~Milliff, C.~Wikle, A.~Moore, and
  T.~Powell.
\newblock {A Bayesian parameter estimation method applied to a marine ecosystem
  model for the coastal Gulf of Alaska}.
\newblock {\em Ecological Modelling}, 258:122--133, jun 2013.

\bibitem{Rosenbaum2019}
Benjamin Rosenbaum, Michael Raatz, Guntram Weithoff, Gregor~F. Fussmann, and
  Ursula Gaedke.
\newblock {Estimating parameters from multiple time series of population
  dynamics using Bayesian inference}.
\newblock {\em Frontiers in Ecology and Evolution}, 6(JAN), jan 2019.

\bibitem{Gosh2021}
Sanmitra Gosh, Paul Birrell, and Daniela {De Angelis}.
\newblock {Variational inference for nonlinear ordinary differential
  equations}.
\newblock {\em Proceedings of The 24th International Conference on Artificial
  Intelligence and Statistics}, 130(29):2719--2727, 2021.

\bibitem{Matear1995}
Richard~J. Matear.
\newblock {Parameter optimization and analysis of ecosystem models using
  simulated annealing: A case study at Station P}.
\newblock {\em Journal of Marine Research}, 53(4):571--607, jul 1995.

\bibitem{Ward2010}
Ben~A. Ward, Marjorie~A.M. Friedrichs, Thomas~R. Anderson, and Andreas
  Oschlies.
\newblock {Parameter optimisation techniques and the problem of
  underdetermination in marine biogeochemical models}.
\newblock {\em Journal of Marine Systems}, 81(1-2):34--43, apr 2010.

\bibitem{Bertino2003}
Laurent Bertino, Geir Evensen, and Hans Wackernagel.
\newblock {Sequential data assimilation techniques in oceanography}.
\newblock {\em International Statistical Review}, 71(2):223--241, aug 2003.

\bibitem{Doron2013}
Ma{\'{e}}va Doron, Pierre Brasseur, Jean~Michel Brankart, Svetlana~N. Losa, and
  Ang{\'{e}}lique Melet.
\newblock {Stochastic estimation of biogeochemical parameters from Globcolour
  ocean colour satellite data in a North Atlantic 3D ocean coupled
  physical-biogeochemical model}.
\newblock {\em Journal of Marine Systems}, 117-118:81--95, 2013.

\bibitem{Gharamti2017}
M.E. Gharamti, J.~Tjiputra, I.~Bethke, A.~Samuelsen, I.~Skjelvan, M.~Bentsen,
  and L.~Bertino.
\newblock {Ensemble data assimilation for ocean biogeochemical state and
  parameter estimation at different sites}.
\newblock {\em Ocean Modelling}, 112:65--89, apr 2017.

\bibitem{NIPS2017_3f5ee243}
Ashish Vaswani, Noam Shazeer, Niki Parmar, Jakob Uszkoreit, Llion Jones,
  Aidan~N Gomez, {\L}ukasz Kaiser, and Illia Polosukhin.
\newblock {Attention is All you Need}.
\newblock In I~Guyon, U~Von Luxburg, S~Bengio, H~Wallach, R~Fergus,
  S~Vishwanathan, and R~Garnett, editors, {\em Advances in Neural Information
  Processing Systems}, volume~30. Curran Associates, Inc., 2017.

\bibitem{Fennel2001}
Katja Fennel, Martin Losch, Jens Schr{\"{o}}ter, and Manfred Wenzel.
\newblock {Testing a marine ecosystem model: sensitivity analysis and parameter
  optimization}.
\newblock {\em Journal of Marine Systems}, 28(1-2):45--63, feb 2001.

\bibitem{Spitz1998}
Y.H. Spitz, J.R. Moisan, M.R. Abbott, and J.G. Richman.
\newblock {Data assimilation and a pelagic ecosystem model: parameterization
  using time series observations}.
\newblock {\em Journal of Marine Systems}, 16(1-2):51--68, sep 1998.

\bibitem{Xiao2014}
Yongjin Xiao and Marjorie A.~M. Friedrichs.
\newblock {The assimilation of satellite‐derived data into a
  one‐dimensional lower trophic level marine ecosystem model}.
\newblock {\em Journal of Geophysical Research: Oceans}, 119(4):2691--2712, apr
  2014.

\bibitem{Pelc2012}
Joanna~S. Pelc, Ehouarn Simon, Laurent Bertino, Ghada {El Serafy}, and
  Arnold~W. Heemink.
\newblock {Application of model reduced 4D-Var to a 1D ecosystem model}.
\newblock {\em Ocean Modelling}, 57-58:43--58, nov 2012.

\bibitem{Zhu2015}
Qing Zhu and Qianlai Zhuang.
\newblock {Ecosystem biogeochemistry model parameterization: Do more flux data
  result in a better model in predicting carbon flux?}
\newblock {\em Ecosphere}, 6(12):art283, dec 2015.

\bibitem{DeLong2014}
John~P. DeLong, Torrance~C. Hanley, and David~A. Vasseur.
\newblock {Predator-prey dynamics and the plasticity of predator body size}.
\newblock {\em Functional Ecology}, 28(2):487--493, apr 2014.

\bibitem{Curtsdotter2019}
Alva Curtsdotter, H.~Thomas Banks, John~E. Banks, Mattias Jonsson, Tomas
  Jonsson, Amanda~N. Laubmeier, Michael Traugott, and Riccardo Bommarco.
\newblock {Ecosystem function in predator–prey food webs—confronting
  dynamic models with empirical data}.
\newblock {\em Journal of Animal Ecology}, 88(2):196--210, feb 2019.

\bibitem{Gabor2015}
Attila G{\'{a}}bor and Julio~R. Banga.
\newblock {Robust and efficient parameter estimation in dynamic models of
  biological systems}.
\newblock {\em BMC Systems Biology}, 9(1):74, dec 2015.

\bibitem{Lawson1995}
Linda~M. Lawson, Yvette~H. Spitz, Eileen~E. Hofmann, and Robert~Bryan Long.
\newblock {A data assimilation technique applied to a predator-prey model}.
\newblock {\em Bulletin of Mathematical Biology}, 57(4):593--617, jul 1995.

\bibitem{Willard2020}
Jared Willard, Xiaowei Jia, Shaoming Xu, Michael Steinbach, and Vipin Kumar.
\newblock {Integrating scientific knowledge with machine learning for
  engineering and environmental systems}.
\newblock {\em ACM Computing Surveys}, 1(1):1--35, 2020.

\bibitem{Kashinath2021}
K.~Kashinath, M.~Mustafa, A.~Albert, J.~L. Wu, C.~Jiang, S.~Esmaeilzadeh,
  K.~Azizzadenesheli, R.~Wang, A.~Chattopadhyay, A.~Singh, A.~Manepalli,
  D.~Chirila, R.~Yu, R.~Walters, B.~White, H.~Xiao, H.~A. Tchelepi, P.~Marcus,
  A.~Anandkumar, P.~Hassanzadeh, and Prabhat.
\newblock {Physics-informed machine learning: Case studies for weather and
  climate modelling}.
\newblock {\em Philosophical Transactions of the Royal Society A: Mathematical,
  Physical and Engineering Sciences}, 379(2194), 2021.

\bibitem{Alber2019}
Mark Alber, Adrian {Buganza Tepole}, William~R. Cannon, Suvranu De, Salvador
  Dura-Bernal, Krishna Garikipati, George Karniadakis, William~W. Lytton, Paris
  Perdikaris, Linda Petzold, and Ellen Kuhl.
\newblock {Integrating machine learning and multiscale modeling—perspectives,
  challenges, and opportunities in the biological, biomedical, and behavioral
  sciences}.
\newblock {\em npj Digital Medicine}, 2(1):115, dec 2019.

\bibitem{Peng2021}
Grace C.~Y. Peng, Mark Alber, Adrian {Buganza Tepole}, William~R. Cannon,
  Suvranu De, Savador Dura-Bernal, Krishna Garikipati, George Karniadakis,
  William~W. Lytton, Paris Perdikaris, Linda Petzold, and Ellen Kuhl.
\newblock {Multiscale modeling meets machine learning: What can we learn?}
\newblock {\em Archives of Computational Methods in Engineering},
  28(3):1017--1037, may 2021.

\bibitem{Pisarenko2004}
V.~F. Pisarenko and D.~Sornette.
\newblock {Statistical methods of parameter estimation for deterministically
  chaotic time series}.
\newblock {\em Physical Review E}, 69(3):036122, mar 2004.

\bibitem{Rackauckas2020a}
Christopher Rackauckas, Yingbo Ma, Julius Martensen, Collin Warner, Kirill
  Zubov, Rohit Supekar, Dominic Skinner, Ali Ramadhan, and Alan Edelman.
\newblock {Universal Differential Equations for Scientific Machine Learning}.
\newblock jan 2020.

\bibitem{Bocquet2019}
Marc Bocquet, Julien Brajard, Alberto Carrassi, and Laurent Bertino.
\newblock {Data assimilation as a learning tool to infer ordinary differential
  equation representations of dynamical models}.
\newblock {\em Nonlinear Processes in Geophysics}, 26(3):143--162, jul 2019.

\bibitem{Schneider2017}
Tapio Schneider, Shiwei Lan, Andrew Stuart, and Jo{\~{a}}o Teixeira.
\newblock {Earth System Modeling 2.0: A Blueprint for Models That Learn From
  Observations and Targeted High‐Resolution Simulations}.
\newblock {\em Geophysical Research Letters}, 44(24):12,396--12,417, dec 2017.

\bibitem{Raue2009}
Andreas Raue, C.~Kreutz, T.~Maiwald, J.~Bachmann, M.~Schilling,
  U.~Klingm{\"{u}}ller, and J.~Timmer.
\newblock {Structural and practical identifiability analysis of partially
  observed dynamical models by exploiting the profile likelihood}.
\newblock {\em Bioinformatics}, 25(15):1923--1929, aug 2009.

\bibitem{Bjornstad2001}
Ottar~N. Bj{\o}rnstad and Bryan~T. Grenfell.
\newblock {Noisy clockwork: Time series analysis of population fluctuations in
  animals}.
\newblock {\em Science}, 293(5530):638--643, jul 2001.

\bibitem{Rackauckas2017}
Christopher Rackauckas and Qing Nie.
\newblock {DifferentialEquations.jl – A performant and feature-rich ecosystem
  for solving differential equations in Julia}.
\newblock {\em Journal of Open Research Software}, 5, 2017.

\bibitem{Ma2021}
Yingbo Ma, Vaibhav Dixit, Michael~J. Innes, Xingjian Guo, and Chris Rackauckas.
\newblock {A comparison of automatic differentiation and continuous sensitivity
  analysis for derivatives of differential equation solutions}.
\newblock In {\em 2021 IEEE High Performance Extreme Computing Conference
  (HPEC)}, number~2, pages 1--9. IEEE, sep 2021.

\bibitem{Gholaminejad2019}
Amir Gholaminejad, Kurt Keutzer, and George Biros.
\newblock {ANODE: Unconditionally Accurate Memory-Efficient Gradients for
  Neural ODEs}.
\newblock In {\em Proceedings of the Twenty-Eighth International Joint
  Conference on Artificial Intelligence}, volume 2019-Augus, pages 730--736,
  California, aug 2019. International Joint Conferences on Artificial
  Intelligence Organization.

\bibitem{KMogensen2018}
Patrick {K Mogensen} and Asbj{\o}rn {N Riseth}.
\newblock {Optim: A mathematical optimization package for Julia}.
\newblock {\em Journal of Open Source Software}, 3(24):615, apr 2018.

\bibitem{Ruder2016}
Sebastian Ruder.
\newblock {An overview of gradient descent optimization algorithms}.
\newblock pages 1--14, 2016.

\bibitem{Kingma2014}
Diederik~P. Kingma and Jimmy Ba.
\newblock {Adam: A method for stochastic optimization}.
\newblock pages 1--15, dec 2014.

\bibitem{Liu1989}
Dong~C. Liu and Jorge Nocedal.
\newblock {On the limited memory BFGS method for large scale optimization}.
\newblock {\em Mathematical Programming}, 45(1-3):503--528, aug 1989.

\bibitem{Hastings1991}
Alan Hastings and Thomas Powell.
\newblock {Chaos in a three-species food chain}.
\newblock {\em Ecology}, 72(3):896--903, jun 1991.

\bibitem{McCann1994a}
Kevin McCann and Peter Yodzis.
\newblock {Nonlinear dynamics and population disappearances}.
\newblock {\em The American Naturalist}, 144(5):873--879, nov 1994.

\bibitem{McCann1994}
Kevin McCann and Peter Yodzis.
\newblock {Biological conditions for chaos in a three-species food chain}.
\newblock {\em Ecology}, 75(2):561--564, mar 1994.

\bibitem{Klebanoff1994}
Aaron Klebanoff and Alan Hastings.
\newblock {Chaos in three species food chains}.
\newblock {\em Journal of Mathematical Biology}, 32(5):427--451, may 1994.

\bibitem{McCann1997}
Kevin McCann and Alan Hastings.
\newblock {Re–evaluating the omnivory–stability relationship in food webs}.
\newblock {\em Proceedings of the Royal Society of London. Series B: Biological
  Sciences}, 264(1385):1249--1254, aug 1997.

\bibitem{Post2000}
David~M. Post, M.~Elizabeth Conners, and Debra~S. Goldberg.
\newblock {Prey preference by a top predator and the stability of linked food
  chains}.
\newblock {\em Ecology}, 81(1):8--14, 2000.

\bibitem{Perretti2013}
Charles~T. Perretti, George Sugihara, and Stephan~B. Munch.
\newblock {Nonparametric forecasting outperforms parametric methods for a
  simulated multispecies system}.
\newblock {\em Ecology}, 94(4):794--800, apr 2013.

\bibitem{Dong2021}
Ruiwen Dong, Christian Goodbrake, Heather~A Harrington, and Gleb Pogudin.
\newblock {Differential elimination for dynamical models via projections with
  applications to structural identifiability}.
\newblock pages 1--37, nov 2021.

\bibitem{Mangan2017}
N.~M. Mangan, J.~N. Kutz, S.~L. Brunton, and J.~L. Proctor.
\newblock {Model selection for dynamical systems via sparse regression and
  information criteria}.
\newblock {\em Proceedings of the Royal Society A: Mathematical, Physical and
  Engineering Sciences}, 473(2204):20170009, aug 2017.

\bibitem{Burnham2002}
David R.~Anderson {Kenneth P. Burnham} and Model.
\newblock {\em {Model Selection and Multimodel Inference}}.
\newblock Springer New York, New York, NY, 2002.

\bibitem{wilke2001evolution}
Claus~O. Wilke, Jia~Lan Wang, Charles Ofria, Richard~E. Lenski, and Christoph
  Adami.
\newblock {Evolution of digital organisms at high mutation rates leads to
  survival of the flattest}.
\newblock {\em Nature}, 412(6844):331--333, jul 2001.

\bibitem{Rodriguez-Fernandez2006}
Maria Rodriguez-Fernandez, Pedro Mendes, and Julio~R. Banga.
\newblock {A hybrid approach for efficient and robust parameter estimation in
  biochemical pathways}.
\newblock {\em Biosystems}, 83(2-3):248--265, feb 2006.

\bibitem{Dornelas2018}
Maria Dornelas, Laura~H. Ant{\~{a}}o, Faye Moyes, Amanda~E. Bates, Anne~E.
  Magurran, Du{\v{s}}an Adam, Asem~A. Akhmetzhanova, Ward Appeltans,
  Jos{\'{e}}~Manuel Arcos, Haley Arnold, Narayanan Ayyappan, Gal Badihi,
  Andrew~H. Baird, Miguel Barbosa, Tiago~Egydio Barreto, Claus B{\"{a}}ssler,
  Alecia Bellgrove, Jonathan Belmaker, Lisandro Benedetti‐Cecchi, Brian~J.
  Bett, Anne~D. Bjorkman, Magdalena B{\l}a{\.{z}}ewicz, Shane~A. Blowes,
  Christopher~P. Bloch, Timothy~C. Bonebrake, Susan Boyd, Matt Bradford,
  Andrew~J. Brooks, James~H. Brown, Helge Bruelheide, Phaedra Budy, Fernando
  Carvalho, Edward Casta{\~{n}}eda‐Moya, Chaolun~Allen Chen, John~F.
  Chamblee, Tory~J. Chase, Laura {Siegwart Collier}, Sharon~K. Collinge,
  Richard Condit, Elisabeth~J. Cooper, J.~Hans~C. Cornelissen, Unai Cotano,
  Shannan {Kyle Crow}, Gabriella Damasceno, Claire~H. Davies, Robert~A. Davis,
  Frank~P. Day, Steven Degraer, Tim~S. Doherty, Timothy~E. Dunn, Giselda
  Durigan, J.~Emmett Duffy, Dor Edelist, Graham~J. Edgar, Robin Elahi, Sarah~C.
  Elmendorf, Anders Enemar, S.~K.~Morgan Ernest, Rub{\'{e}}n Escribano, Marc
  Estiarte, Brian~S. Evans, Tung‐Yung Fan, Fabiano {Turini Farah}, Luiz
  {Loureiro Fernandes}, F{\'{a}}bio~Z. Farneda, Alessandra Fidelis, Robert
  Fitt, Anna~Maria Fosaa, Geraldo~Antonio {Daher Correa Franco}, Grace~E.
  Frank, William~R. Fraser, Hernando Garc{\'{i}}a, Roberto {Cazzolla Gatti},
  Or~Givan, Elizabeth Gorgone‐Barbosa, William~A. Gould, Corinna Gries,
  Gary~D. Grossman, Julio~R. Gutierr{\'{e}}z, Stephen Hale, Mark~E. Harmon,
  John Harte, Gary Haskins, Donald~L. Henshaw, Luise Hermanutz, Pamela Hidalgo,
  Pedro Higuchi, Andrew Hoey, Gert {Van Hoey}, Annika Hofgaard, Kristen Holeck,
  Robert~D. Hollister, Richard Holmes, Mia Hoogenboom, Chih‐hao Hsieh,
  Stephen~P. Hubbell, Falk Huettmann, Christine~L. Huffard, Allen~H. Hurlbert,
  Nat{\'{a}}lia {Macedo Ivanauskas}, David Jan{\'{i}}k, Ute Jandt, Anna
  Ja{\.{z}}d{\.{z}}ewska, Tore Johannessen, Jill Johnstone, Julia Jones, Faith
  A.~M. Jones, Jungwon Kang, Tasrif Kartawijaya, Erin~C. Keeley, Douglas~A.
  Kelt, Rebecca Kinnear, Kari Klanderud, Halvor Knutsen, Christopher~C. Koenig,
  Alessandra~R. Kortz, Kamil Kr{\'{a}}l, Linda~A. Kuhnz, Chao‐Yang Kuo,
  David~J. Kushner, Claire Laguionie‐Marchais, Lesley~T. Lancaster, Cheol
  {Min Lee}, Jonathan~S. Lefcheck, Esther L{\'{e}}vesque, David Lightfoot,
  Francisco Lloret, John~D. Lloyd, Adri{\`{a}} L{\'{o}}pez‐Baucells, Maite
  Louzao, Joshua~S. Madin, Borgþ{\'{o}}r Magn{\'{u}}sson, Shahar Malamud, Iain
  Matthews, Kent~P. McFarland, Brian McGill, Diane McKnight, William~O.
  McLarney, Jason Meador, Peter~L. Meserve, Daniel~J. Metcalfe, Christoph F.~J.
  Meyer, Anders Michelsen, Nataliya Milchakova, Tom Moens, Even Moland, Jon
  Moore, Carolina {Mathias Moreira}, J{\"{o}}rg M{\"{u}}ller, Grace Murphy,
  Isla~H. Myers‐Smith, Randall~W. Myster, Andrew Naumov, Francis Neat,
  James~A. Nelson, Michael {Paul Nelson}, Stephen~F. Newton, Natalia Norden,
  Jeffrey~C. Oliver, Esben~M. Olsen, Vladimir~G. Onipchenko, Krzysztof Pabis,
  Robert~J. Pabst, Alain Paquette, Sinta Pardede, David~M. Paterson,
  Rapha{\"{e}}l P{\'{e}}lissier, Josep Pe{\~{n}}uelas, Alejandro
  P{\'{e}}rez‐Matus, Oscar Pizarro, Francesco Pomati, Eric Post, Herbert
  H.~T. Prins, John~C. Priscu, Pieter Provoost, Kathleen~L. Prudic, Erkki
  Pulliainen, B.~R. Ramesh, Olivia {Mendivil Ramos}, Andrew Rassweiler,
  Jose~Eduardo Rebelo, Daniel~C. Reed, Peter~B. Reich, Suzanne~M. Remillard,
  Anthony~J. Richardson, J.~Paul Richardson, Itai van Rijn, Ricardo Rocha,
  Victor~H. Rivera‐Monroy, Christian Rixen, Kevin~P. Robinson, Ricardo
  {Ribeiro Rodrigues}, Denise {de Cerqueira Rossa‐Feres}, Lars Rudstam, Henry
  Ruhl, Catalina~S. Ruz, Erica~M. Sampaio, Nancy Rybicki, Andrew Rypel, Sofia
  Sal, Beatriz Salgado, Flavio A.~M. Santos, Ana~Paula Savassi‐Coutinho, Sara
  Scanga, Jochen Schmidt, Robert Schooley, Fakhrizal Setiawan, Kwang‐Tsao
  Shao, Gaius~R. Shaver, Sally Sherman, Thomas~W. Sherry, Jacek Sici{\'{n}}ski,
  Caya Sievers, Ana~Carolina da~Silva, Fernando {Rodrigues da Silva}, Fabio~L.
  Silveira, Jasper Slingsby, Tracey Smart, Sara~J. Snell, Nadejda~A.
  Soudzilovskaia, Gabriel B.~G. Souza, Flaviana {Maluf Souza}, Vin{\'{i}}cius
  {Castro Souza}, Christopher~D. Stallings, Rowan Stanforth, Emily~H. Stanley,
  Jos{\'{e}} {Mauro Sterza}, Maarten Stevens, Rick Stuart‐Smith, Yzel {Rondon
  Suarez}, Sarah Supp, Jorge {Yoshio Tamashiro}, Sukmaraharja Tarigan, Gary~P.
  Thiede, Simon Thorn, Anne Tolvanen, Maria {Teresa Zugliani Toniato}, {\O}rjan
  Totland, Robert~R. Twilley, Gediminas Vaitkus, Nelson Valdivia, Martha~Isabel
  Vallejo, Thomas~J. Valone, Carl {Van Colen}, Jan Vanaverbeke, Fabio
  Venturoli, Hans~M. Verheye, Marcelo Vianna, Rui~P. Vieira, Tom{\'{a}}{\v{s}}
  Vr{\v{s}}ka, Con {Quang Vu}, Lien {Van Vu}, Robert~B. Waide, Conor Waldock,
  Dave Watts, Sara Webb, Tomasz Weso{\l}owski, Ethan~P. White, Claire~E.
  Widdicombe, Dustin Wilgers, Richard Williams, Stefan~B. Williams, Mark
  Williamson, Michael~R. Willig, Trevor~J. Willis, Sonja Wipf, Kerry~D. Woods,
  Eric~J. Woehler, Kyle Zawada, Michael~L. Zettler, and Thomas Hickler.
\newblock {BioTIME: A database of biodiversity time series for the
  Anthropocene}.
\newblock {\em Global Ecology and Biogeography}, 27(7):760--786, jul 2018.

\bibitem{Raissi2019}
M.~Raissi, P.~Perdikaris, and G.E. Karniadakis.
\newblock {Physics-informed neural networks: A deep learning framework for
  solving forward and inverse problems involving nonlinear partial differential
  equations}.
\newblock {\em Journal of Computational Physics}, 378:686--707, feb 2019.

\bibitem{Yazdani2020}
Alireza Yazdani, Lu~Lu, Maziar Raissi, and George~Em Karniadakis.
\newblock {Systems biology informed deep learning for inferring parameters and
  hidden dynamics}.
\newblock {\em PLOS Computational Biology}, 16(11):e1007575, nov 2020.

\bibitem{Ramsay2007}
J.~O. Ramsay, G.~Hooker, D.~Campbell, and J.~Cao.
\newblock {Parameter estimation for differential equations: a generalized
  smoothing approach}.
\newblock {\em Journal of the Royal Statistical Society: Series B (Statistical
  Methodology)}, 69(5):741--796, nov 2007.

\bibitem{Cao2008}
Jiguo Cao, Gregor~F. Fussmann, and James~O. Ramsay.
\newblock {Estimating a predator‐prey dynamical model with the parameter
  cascades method}.
\newblock {\em Biometrics}, 64(3):959--967, sep 2008.

\bibitem{Pinsky2013}
M.~L. Pinsky, B.~Worm, M.~J. Fogarty, J.~L. Sarmiento, and S.~A. Levin.
\newblock {Marine taxa track local climate velocities}.
\newblock {\em Science}, 341(6151):1239--1242, sep 2013.

\bibitem{Burrows2019}
Michael~T. Burrows, Amanda~E. Bates, Mark~J. Costello, Martin Edwards,
  Graham~J. Edgar, Clive~J. Fox, Benjamin~S. Halpern, Jan~G. Hiddink, Malin~L.
  Pinsky, Ryan~D. Batt, Jorge {Garc{\'{i}}a Molinos}, Benjamin~L. Payne,
  David~S. Schoeman, Rick~D. Stuart-Smith, and Elvira~S. Poloczanska.
\newblock {Ocean community warming responses explained by thermal affinities
  and temperature gradients}.
\newblock {\em Nature Climate Change}, 9(12):959--963, dec 2019.

\bibitem{Hsieh2008}
Chih‐hao Hsieh, Christian Anderson, and George Sugihara.
\newblock {Extending nonlinear analysis to short ecological time series}.
\newblock {\em The American Naturalist}, 171(1):71--80, jan 2008.

\bibitem{Clark2015}
Adam~Thomas Clark, Hao Ye, Forest Isbell, Ethan~R. Deyle, Jane Cowles, G.~David
  Tilman, George Sugihara, and B.~D. Inouye.
\newblock {Spatial convergent cross mapping to detect causal relationships from
  short time series}.
\newblock {\em Ecology}, 96(5):1174--1181, 2015.

\bibitem{Banks2017}
H.T. Banks, J.E. Banks, R.~Bommarco, A.~Curtsdotter, T.~Jonsson, and A.N.
  Laubmeier.
\newblock {Parameter estimation for an allometric food web model}.
\newblock {\em International Journal of Pure and Apllied Mathematics},
  114(1):143--160, apr 2017.

\bibitem{Laubmeier2018}
A.~N. Laubmeier, Kate Wootton, J.~E. Banks, Riccardo Bommarco, Alva
  Curtsdotter, Tomas Jonsson, Tomas Roslin, and H.~T. Banks.
\newblock {From theory to experimental design—Quantifying a trait-based
  theory of predator-prey dynamics}.
\newblock {\em PLoS ONE}, 13(4):e0195919, apr 2018.

\bibitem{Beaumont2010}
Mark~A. Beaumont.
\newblock {Approximate Bayesian computation in evolution and ecology}.
\newblock {\em Annual Review of Ecology, Evolution, and Systematics},
  41(1):379--406, 2010.

\bibitem{Pahlow2008}
Markus Pahlow, Alain~F. V{\'{e}}zina, Benoit Casault, Heidi Maass, Louise
  Malloch, Daniel~G. Wright, and Youyu Lu.
\newblock {Adaptive model of plankton dynamics for the North Atlantic}.
\newblock {\em Progress in Oceanography}, 76(2):151--191, 2008.

\bibitem{bottou2012stochastic}
L{\'{e}}on Bottou.
\newblock {Stochastic gradient descent tricks}.
\newblock In {\em Neural networks: Tricks of the trade}, pages 421--436.
  Springer, 2012.

\bibitem{Ruppert2019}
Krista~M. Ruppert, Richard~J. Kline, and Md~Saydur Rahman.
\newblock {Past, present, and future perspectives of environmental DNA (eDNA)
  metabarcoding: A systematic review in methods, monitoring, and applications
  of global eDNA}.
\newblock {\em Global Ecology and Conservation}, 17:e00547, jan 2019.

\bibitem{Jetz2019}
Walter Jetz, Melodie~A. McGeoch, Robert Guralnick, Simon Ferrier, Jan Beck,
  Mark~J. Costello, Miguel Fernandez, Gary~N. Geller, Petr Keil, Cory Merow,
  Carsten Meyer, Frank~E. Muller-Karger, Henrique~M. Pereira, Eugenie~C. Regan,
  Dirk~S. Schmeller, and Eren Turak.
\newblock {Essential biodiversity variables for mapping and monitoring species
  populations}.
\newblock {\em Nature Ecology and Evolution}, 3(4):539--551, 2019.

\bibitem{Aide2013}
T.~Mitchell Aide, Carlos Corrada-Bravo, Marconi Campos-Cerqueira, Carlos Milan,
  Giovany Vega, and Rafael Alvarez.
\newblock {Real-time bioacoustics monitoring and automated species
  identification}.
\newblock {\em PeerJ}, 1(1):e103, jul 2013.

\bibitem{GBIF}
{GBIF: The Global Biodiversity Information Facility}.
\newblock {What is GBIF?}
\newblock 2022.

\bibitem{strogatz2018nonlinear}
Steven~H Strogatz.
\newblock {\em {Nonlinear dynamics and chaos: with applications to physics,
  biology, chemistry, and engineering}}.
\newblock CRC press, 2018.

\bibitem{jost2005dynamical}
J{\"{u}}rgen Jost.
\newblock {\em {Dynamical systems: examples of complex behaviour}}.
\newblock Springer Science \& Business Media, 2005.

\end{thebibliography}
